@inproceedings{langley00,
 author    = {P. Langley},
 title     = {Crafting Papers on Machine Learning},
 year      = {2000},
 pages     = {1207--1216},
 editor    = {Pat Langley},
 booktitle     = {Proceedings of the 17th International Conference
              on Machine Learning (ICML 2000)},
 address   = {Stanford, CA},
 publisher = {Morgan Kaufmann}
}

@TechReport{mitchell80,
  author = 	 "T. M. Mitchell",
  title = 	 "The Need for Biases in Learning Generalizations",
  institution =  "Computer Science Department, Rutgers University",
  year = 	 "1980",
  address =	 "New Brunswick, MA",
}

@phdthesis{kearns89,
  author = {M. J. Kearns},
  title =  {Computational Complexity of Machine Learning},
  school = {Department of Computer Science, Harvard University},
  year =   {1989}
}

@Book{MachineLearningI,
  editor = 	 "R. S. Michalski and J. G. Carbonell and T.
		  M. Mitchell",
  title = 	 "Machine Learning: An Artificial Intelligence
		  Approach, Vol. I",
  publisher = 	 "Tioga",
  year = 	 "1983",
  address =	 "Palo Alto, CA"
}

@Book{DudaHart2nd,
  author =       "R. O. Duda and P. E. Hart and D. G. Stork",
  title =        "Pattern Classification",
  publisher =    "John Wiley and Sons",
  edition =      "2nd",
  year =         "2000"
}

@misc{anonymous,
  title= {Suppressed for Anonymity},
  author= {Author, N. N.},
  year= {2011},
}

@InCollection{Newell81,
  author =       "A. Newell and P. S. Rosenbloom",
  title =        "Mechanisms of Skill Acquisition and the Law of
                  Practice", 
  booktitle =    "Cognitive Skills and Their Acquisition",
  pages =        "1--51",
  publisher =    "Lawrence Erlbaum Associates, Inc.",
  year =         "1981",
  editor =       "J. R. Anderson",
  chapter =      "1",
  address =      "Hillsdale, NJ"
}


@Article{Samuel59,
  author = 	 "A. L. Samuel",
  title = 	 "Some Studies in Machine Learning Using the Game of
		  Checkers",
  journal =	 "IBM Journal of Research and Development",
  year =	 "1959",
  volume =	 "3",
  number =	 "3",
  pages =	 "211--229"
}

@article{loshchilov2018fixing,
  title = {Fixing weight decay regularization in {Adam}},
  author = {Loshchilov, Ilya and Hutter, Frank},
  journal={arXiv preprint arXiv:1711.05101},
  year={2017},
  url = {https://arxiv.org/abs/1711.05101}
}

@article{duchi2011adaptive,
	title={Adaptive subgradient methods for online learning and stochastic optimization},
	author={Duchi, John and Hazan, Elad and Singer, Yoram},
	journal={Journal of Machine Learning Research},
	volume={12},
	number={Jul},
	pages={2121--2159},
	year={2011}
}
@article{zeiler2012adadelta,
	title={ADADELTA: an adaptive learning rate method},
	author={Zeiler, Matthew D},
	journal={arXiv preprint arXiv:1212.5701},
	year={2012}
}
@article{kingma2014adam,
	title={Adam: A method for stochastic optimization},
	author={Kingma, Diederik P and Ba, Jimmy},
	journal={arXiv preprint arXiv:1412.6980},
	year={2014}
}
@incollection{bengio2012practical,
	title={Practical recommendations for gradient-based training of deep architectures},
	author={Bengio, Yoshua},
	booktitle={Neural networks: Tricks of the trade},
	pages={437--478},
	year={2012},
	publisher={Springer}
}
@article{loshchilov2016sgdr,
	title={Sgdr: Stochastic gradient descent with warm restarts},
	author={Loshchilov, Ilya and Hutter, Frank},
	journal={arXiv preprint arXiv:1608.03983},
	year={2016}
}
@book{Goodfellow-et-al-2016,
	title={Deep Learning},
	author={Ian Goodfellow and Yoshua Bengio and Aaron Courville},
	publisher={MIT Press},
	note={\url{http://www.deeplearningbook.org}},
	year={2016}
}
@inproceedings{wilson2017marginal,
	title={The marginal value of adaptive gradient methods in machine learning},
	author={Wilson, Ashia C and Roelofs, Rebecca and Stern, Mitchell and Srebro, Nati and Recht, Benjamin},
	booktitle={Advances in Neural Information Processing Systems},
	pages={4148--4158},
	year={2017}
}
@inproceedings{    
	anonymous2019decoupled,    
	title={Decoupled Weight Decay Regularization},    
	author={Anonymous},    
	booktitle={Submitted to International Conference on Learning Representations},    
	year={2019},    
	url={https://openreview.net/forum?id=Bkg6RiCqY7},    
	note={under review}    
}
@article{aitchison2018unified,
	title={A unified theory of adaptive stochastic gradient descent as Bayesian filtering},
	author={Aitchison, Laurence},
	journal={arXiv preprint arXiv:1807.07540},
	year={2018}
}
@article{storkey2009training,
	title={When training and test sets are different: characterizing learning transfer},
	author={Storkey, Amos},
	journal={Dataset shift in machine learning},
	pages={3--28},
	year={2009},
	publisher={Citeseer}
}
@inproceedings{bottou1994comparison,
	title={Comparison of classifier methods: a case study in handwritten digit recognition},
	author={Bottou, L{\'e}on and Cortes, Corinna and Denker, John S and Drucker, Harris and Guyon, Isabelle and Jackel, Lawrence D and LeCun, Yann and Muller, Urs A and Sackinger, Edward and Simard, Patrice and others},
	booktitle={Pattern Recognition, 1994. Vol. 2-Conference B: Computer Vision \& Image Processing., Proceedings of the 12th IAPR International. Conference on},
	volume={2},
	pages={77--82},
	year={1994},
	organization={IEEE}
}
@article{gonzalez2014four,
	title={Four Results in Matching Data Distributions},
	author={Gonz{\'a}lez, Carlos R and Abu-Mostafa, Yaser S},
	journal={Jun},
	volume={21},
	pages={1--18},
	year={2014}
}
@article{cohen2017emnist,
	title={EMNIST: an extension of MNIST to handwritten letters},
	author={Cohen, Gregory and Afshar, Saeed and Tapson, Jonathan and van Schaik, Andr{\'e}},
	journal={arXiv preprint arXiv:1702.05373},
	year={2017}
}
@inproceedings{feurer2015efficient,
	title={Efficient and robust automated machine learning},
	author={Feurer, Matthias and Klein, Aaron and Eggensperger, Katharina and Springenberg, Jost and Blum, Manuel and Hutter, Frank},
	booktitle={Advances in Neural Information Processing Systems},
	pages={2962--2970},
	year={2015}
}